@book{Wahlstr2008,
address = {Berlin, Heidelberg},
author = {Wahlstr\"{o}m, Magnus},
doi = {10.1007/978-3-540-79723-4},
editor = {Grohe, Martin and Niedermeier, Rolf},
file = {:Users/tiao/Documents/Mendeley Desktop/Wahlstr\"{o}m/2008/Wahlstr\"{o}m\_2008\_Parameterized and Exact Computation.pdf:pdf},
isbn = {978-3-540-79722-7},
pages = {202--213},
publisher = {Springer Berlin Heidelberg},
series = {Lecture Notes in Computer Science},
title = {{Parameterized and Exact Computation}},
url = {http://www.springerlink.com/index/10.1007/978-3-540-79723-4 http://link.springer.com/10.1007/978-3-540-79723-4},
volume = {5018},
year = {2008}
}
@article{Dahllof2005,
author = {Dahll\"{o}f, Vilhelm and Jonsson, Peter and Wahlstr\"{o}m, Magnus},
doi = {10.1016/j.tcs.2004.10.037},
file = {:Users/tiao/Documents/Mendeley Desktop/Dahll\"{o}f, Jonsson, Wahlstr\"{o}m/2005/Dahll\"{o}f, Jonsson, Wahlstr\"{o}m\_2005\_Counting models for 2 SAT and 3 SAT formulae.pdf:pdf},
keywords = {counting models,exact algorithms,exponential-time algorithms,satisfiability,upper bounds},
pages = {265--291},
title = {{Counting models for 2 SAT and 3 SAT formulae}},
volume = {332},
year = {2005}
}
